@techreport{Barth_1996,
	author = {J. A. Barth and R. O’Malley and J. Fleischbein and R. L. Smith and A. Huyer},
	title = {SeaSoar and CTD observations during the Coastal Jet Separation cruise W9408A, August to September 1994},
	number ={162},
	institution = {College of Oceanic and Atmospheric Sciences, Oregon State University},
	year = {1996},
	pages = {170 pp}
}

@article{Bittig_2014,
author = {Bittig, Henry C. and Fiedler, Björn and Scholz, Roland and Krahmann, Gerd and Körtzinger, Arne},
title = {Time response of oxygen optodes on profiling platforms and its dependence on flow speed and temperature},
journal = {Limnology and Oceanography: Methods},
volume = {12},
number = {8},
pages = {617-636},
doi = {10.4319/lom.2014.12.617},
year = {2014}
}


@article{Cabanes_2016,
title = {Improvement of bias detection in Argo float conductivity sensors and its application in the North Atlantic},
journal = {Deep Sea Research Part I: Oceanographic Research Papers},
volume = {114},
pages = {128-136},
year = {2016},
doi = {10.1016/j.dsr.2016.05.007},
author = {Cécile Cabanes and Virginie Thierry and Catherine Lagadec}
}

@article{Dever_2020,
  author = {Dever, Mathieu and Freilich, Mara and Farrar, J. Thomas and Hodges, Benjamin and Lanagan, Tom and Baron, Andrew J. and Mahadevan, Amala},
  doi = {10.1175/JTECH-D-19-0145.1},
  journal = {Journal of Atmospheric and Oceanic Technology},
  number = {5},
  pages = {825--840},
  title = {{EcoCTD for Profiling Oceanic Physical–Biological Properties from an Underway Ship}},
  volume = {37},
  year = {2020}
}

@article {Fozdar_1985,
      author = {Farhad M.  Fozdar and Geoffrey J.  Parkar and Jörg  Imberger},
      title = {Matching Temperature and Conductivity Sensor Response Characteristics},
      journal = {Journal of Physical Oceanography},
      year = {1985},
      volume = {15},
      number = {11},
      doi = {10.1175/1520-0485(1985)015<1557:MTACSR>2.0.CO;2},
      pages= {1557 - 1569}
}

@article{Halverson_2020,
  title={Inductive-Conductivity Cell A Primer on High Accuracy CTD Technology},
  author={Halverson, Mark and Siegel, Eric and Johnson, Greg},
  journal={Sea Technology},
  volume={61},
  number={2},
  pages={24--27},
  year={2020},
  publisher={COMPASS PUBLICATIONS, INC 1501 WILSON BLVD., STE 1001, ARLINGTON, VA 22209~…}
}

@techreport{Halverson_2020a,
	author = {Halverson, Mark and Shkvorets, Igor and Johnson, Greg},
	pages = {1--26},
	title = {{Dynamic corrections for the RBRargo CTD 2000dbar}},
	institution = {RBR},
	url = {https://oem.rbr-global.com/floats/files/5898249/34668603/1/1586804683000/0008228revA+Dynamic+corrections+for+the+RBRargo+CTD+2000dbar.pdf},
	year = {2020}
}

@article{Horne_1980,
  author = {Horne, E. P. W. and Toole, J. M.},
  doi = {10.1175/1520-0485(1980)010<1122:SRMALC>2.0.CO;2},
  journal = {Journal of Physical Oceanography},
  number = {7},
  pages = {1122--1130},
  title = {{Sensor Response Mismatches and Lag Correction Techniques for Temperature-Salinity Profilers}},
  volume = {10},
  year = {1980}
}

@article{LeTraon_2020,
  author = {{Le Traon}, Pierre-Yves and D'Ortenzio, Fabrizio and Babin, Marcel and Leymarie, Edouard and Marec, Claudie and Pouliquen, Sylvie and Thierry, Virginie and Cabanes, Cecile and Claustre, Herv{\'{e}} and Desbruy{\`{e}}res, Damien and Lacour, Leo and Lagunas, Jose-Luis and Maze, Guillaume and Mercier, Herle and Penkerc'h, Christophe and Poffa, Noe and Poteau, Antoine and Prieur, Louis and Racap{\'{e}}, Virginie and Randelhoff, Achim and Rehm, Eric and Schmechtig, Catherine Marie and Taillandier, Vincent and Wagener, Thibaut and Xing, Xiaogang},
  doi = {10.3389/fmars.2020.577408},
  journal = {Frontiers in Marine Science},
  title = {{Preparing the New Phase of Argo: Scientific Achievements of the NAOS Project}},
  volume = {7},
  year = {2020}
}

@article{Jayne_2017,
	  author = {Steven R. Jayne and Neil M. Bogue},
	  title = {Air-Deployable Profiling Floats},
	  journal = {Oceanography},
	  year = {2017},
	  month = {June},
	  note = {},
	  doi = {10.5670/oceanog.2017.214}
}


@article{Johnson_2007,
  author = {Johnson, Gregory C. and Toole, John M. and Larson, Nordeen G.},
  doi = {10.1175/JTECH2016.1},
  journal = {Journal of Atmospheric and Oceanic Technology},
  number = {6},
  pages = {1117--1130},
  title = {{Sensor Corrections for Sea-Bird SBE-41CP and SBE-41 CTDs}},
  volume = {24},
  year = {2007}
}

@article{Johnson_2020,
  author = {Johnson, Gregory C.},
  doi = {10.1175/JTECH-D-19-0098.1},
  journal = {Journal of Atmospheric and Oceanic Technology},
  number = {2},
  pages = {351--355},
  title = {{Comments on “Corrections for Pumped SBE 41CP CTDs Determined from Stratified Tank Experiments”}},
  volume = {37},
  year = {2020}
}

@article{Lueck_1990a,
  author = {Lueck, Rolf G},
  doi = {10.1175/1520-0426(1990)007<0741:TIOCCT>2.0.CO;2},
  journal = {Journal of Atmospheric and Oceanic Technology},
  number = {5},
  pages = {741--755},
  title = {{Thermal Inertia of Conductivity Cells: Theory}},
  volume = {7},
  year = {1990}
}

@article{Lueck_1990b ,
  author = {Lueck, Rolf G. and Picklo, James J.},
  doi = {10.1175/1520-0426(1990)007<0756:TIOCCO>2.0.CO;2},
  journal = {Journal of Atmospheric and Oceanic Technology},
  number = {5},
  pages = {756--768},
  title = {{Thermal Inertia of Conductivity Cells: Observations with a Sea-Bird Cell}},
  volume = {7},
  year = {1990}
}

@article{Martini_2019,
  author = {Martini, Kim I. and Murphy, David J. and Schmitt, Raymond W. and Larson, Nordeen G.},
  doi = {10.1175/JTECH-D-18-0050.1},
  journal = {Journal of Atmospheric and Oceanic Technology},
  number = {4},
  pages = {733--744},
  title = {{Corrections for Pumped SBE 41CP CTDs Determined from Stratified Tank Experiments}},
  volume = {36},
  year = {2019}
}

@article{Morison_1994,
  author = {Morison, James and Andersen, Roger and Larson, Nordeen and D'Asaro, Eric and Boyd, Tim},
  doi = {10.1175/1520-0426(1994)011<1151:TCFTLE>2.0.CO;2},
  journal = {Journal of Atmospheric and Oceanic Technology},
  number = {4},
  pages = {1151--1164},
  title = {{The Correction for Thermal-Lag Effects in Sea-Bird CTD Data}},
  volume = {11},
  year = {1994}
}

@article{Owens_2009,
	title = {An improved calibration method for the drift of the conductivity sensor on autonomous CTD profiling floats by $\theta$–S climatology},
	journal = {Deep Sea Research Part I: Oceanographic Research Papers},
	volume = {56},
	number = {3},
	pages = {450-457},
	year = {2009},
	doi = {10.1016/j.dsr.2008.09.008},
	author = {W. Brechner Owens and Annie P.S. Wong}
}

@article{Roemmich_2019,
  author = {Roemmich, Dean and Alford, Matthew H. and Claustre, Herv{\'{e}} and Johnson, Kenneth and King, Brian and Moum, James and Oke, Peter and Owens, W. Brechner and Pouliquen, Sylvie and Purkey, Sarah and Scanderbeg, Megan and Suga, Toshio and Wijffels, Susan and Zilberman, Nathalie and Bakker, Dorothee and Baringer, Molly and Belbeoch, Mathieu and Bittig, Henry C. and Boss, Emmanuel and Calil, Paulo and Carse, Fiona and Carval, Thierry and Chai, Fei and Conchubhair, Diarmuid {\'{O}}. and D'Ortenzio, Fabrizio and Dall'Olmo, Giorgio and Desbruyeres, Damien and Fennel, Katja and Fer, Ilker and Ferrari, Raffaele and Forget, Gael and Freeland, Howard and Fujiki, Tetsuichi and Gehlen, Marion and Greenan, Blair and Hallberg, Robert and Hibiya, Toshiyuki and Hosoda, Shigeki and Jayne, Steven and Jochum, Markus and Johnson, Gregory C. and Kang, KiRyong and Kolodziejczyk, Nicolas and K{\"{o}}rtzinger, Arne and Traon, Pierre-Yves Le and Lenn, Yueng-Djern and Maze, Guillaume and Mork, Kjell Arne and Morris, Tamaryn and Nagai, Takeyoshi and Nash, Jonathan and Garabato, Alberto Naveira and Olsen, Are and Pattabhi, Rama Rao and Prakash, Satya and Riser, Stephen and Schmechtig, Catherine and Schmid, Claudia and Shroyer, Emily and Sterl, Andreas and Sutton, Philip and Talley, Lynne and Tanhua, Toste and Thierry, Virginie and Thomalla, Sandy and Toole, John and Troisi, Ariel and Trull, Thomas W. and Turton, Jon and Velez-Belchi, Pedro Joaquin and Walczowski, Waldemar and Wang, Haili and Wanninkhof, Rik and Waterhouse, Amy F. and Waterman, Stephanie and Watson, Andrew and Wilson, Cara and Wong, Annie P. S. and Xu, Jianping and Yasuda, Ichiro},
  doi = {10.3389/fmars.2019.00439},
  journal = {Frontiers in Marine Science},
  title = {{On the Future of Argo: A Global, Full-Depth, Multi-Disciplinary Array}},
  volume = {6},
  year = {2019}
}

@article{Sanabia_2020,
author = {Sanabia, Elizabeth R. and Jayne, Steven R.},
title = {Ocean Observations Under Two Major Hurricanes: Evolution of the Response Across the Storm Wakes},
journal = {AGU Advances},
volume = {1},
number = {3},
pages = {e2019AV000161},
doi = {10.1029/2019AV000161},
year = {2020}
}

@techreport{SBEpressure,
	author = {{Sea-Bird Electronic, Inc.}},
	title = {Compressibility compensations of Sea-Bird conductivity sensors.},
	number = {Application note No. 10},
	institution = {Sea-Bird Electronic, Inc.},
	year = {2013},
	url = {http://www.seabird.com/application-notes}
}

@article{Schmitt_2005,
  author = {Schmitt, Raymond W. and Millard, Robert C. and Toole, John M. and Wellwood, W. David},
  doi = {10.1357/0022240053693842},
  journal = {Journal of Marine Research},
  number = {1},
  pages = {263--289},
  title = {{A double-diffusive interface tank for dynamic-response studies}},
  volume = {63},
  year = {2005}
}

@article{Ullman_2014,
  author = {Ullman, David S. and Hebert, David},
  doi = {10.1175/JTECH-D-13-00200.1},
  journal = {Journal of Atmospheric and Oceanic Technology},
  number = {4},
  pages = {984--998},
  title = {{Processing of Underway CTD Data}},
  volume = {31},
  year = {2014}
}

@article {Wong_2003,
      author = "Wong, Annie P. S. and Johnson, Gregory C. and Owens, W. Brechner",
      title = "Delayed-Mode Calibration of Autonomous CTD Profiling Float Salinity Data by $\theta$-S Climatology",
      journal = "Journal of Atmospheric and Oceanic Technology",
      year = "2003",
      volume = "20",
      number = "2",
      doi = "10.1175/1520-0426(2003)020<0308:DMCOAC>2.0.CO;2",
      pages= "308 - 318",
      url = "https://journals.ametsoc.org/view/journals/atot/20/2/1520-0426_2003_020_0308_dmcoac_2_0_co_2.xml"
}

@ARTICLE{Wong_2020,
	TITLE={Argo Data 1999–2019: Two Million Temperature-Salinity Profiles and Subsurface Velocity Observations From a Global Array of Profiling Floats},
	AUTHOR={Wong, Annie P. S. and Wijffels, Susan E. and Riser, Stephen C. and Pouliquen, Sylvie and Hosoda, Shigeki and Roemmich, Dean and Gilson, John and Johnson, Gregory C. and Martini, Kim and Murphy, David J. and Scanderbeg, Megan and Bhaskar, T. V. S. Udaya and Buck, Justin J. H. and Merceur, Frederic and Carval, Thierry and Maze, Guillaume and Cabanes, Cécile and André, Xavier and Poffa, Noé and Yashayaev, Igor and Barker, Paul M. and Guinehut, Stéphanie and Belbéoch, Mathieu and Ignaszewski, Mark and Baringer, Molly O'Neil and Schmid, Claudia and Lyman, John M. and McTaggart, Kristene E. and Purkey, Sarah G. and Zilberman, Nathalie and Alkire, Matthew B. and Swift, Dana and Owens, W. Brechner and Jayne, Steven R. and Hersh, Cora and Robbins, Pelle and West-Mack, Deb and Bahr, Frank and Yoshida, Sachiko and Sutton, Philip J. H. and Cancouët, Romain and Coatanoan, Christine and Dobbler, Delphine and Juan, Andrea Garcia and Gourrion, Jerôme and Kolodziejczyk, Nicolas and Bernard, Vincent and Bourlès, Bernard and Claustre, Hervé and D'Ortenzio, Fabrizio and Le Reste, Serge and Le Traon, Pierre-Yve and Rannou, Jean-Philippe and Saout-Grit, Carole and Speich, Sabrina and Thierry, Virginie and Verbrugge, Nathalie and Angel-Benavides, Ingrid M. and Klein, Birgit and Notarstefano, Giulio and Poulain, Pierre-Marie and Vélez-Belchí, Pedro and Suga, Toshio and Ando, Kentaro and Iwasaska, Naoto and Kobayashi, Taiyo and Masuda, Shuhei and Oka, Eitarou and Sato, Kanako and Nakamura, Tomoaki and Sato, Katsunari and Takatsuki, Yasushi and Yoshida, Takashi and Cowley, Rebecca and Lovell, Jenny L. and Oke, Peter R. and van Wijk, Esmee M. and Carse, Fiona and Donnelly, Matthew and Gould, W. John and Gowers, Katie and King, Brian A. and Loch, Stephen G. and Mowat, Mary and Turton, Jon and Rama Rao, E. Pattabhi and Ravichandran, M. and Freeland, Howard J. and Gaboury, Isabelle and Gilbert, Denis and Greenan, Blair J. W. and Ouellet, Mathieu and Ross, Tetjana and Tran, Anh and Dong, Mingmei and Liu, Zenghong and Xu, Jianping and Kang, KiRyong and Jo, HyeongJun and Kim, Sung-Dae and Park, Hyuk-Min},
	JOURNAL={Frontiers in Marine Science},
	VOLUME={7},
	PAGES={700},
	YEAR={2020},
	DOI={10.3389/fmars.2020.00700}
}

@article {Nezlin_2020,
      author = "Nikolay P. Nezlin and Mathieu Dever and Mark Halverson and Jean-Michel Leconte and Guillaume Maze and Clark Richards and Igor Shkvorets and Rui Zhang and Greg Johnson",
      title = "Accuracy and Long-Term Stability Assessment of Inductive Conductivity Cell Measurements on Argo Floats",
      journal = "Journal of Atmospheric and Oceanic Technology",
      year = "2020",
      volume = "37",
      number = "12",
      doi = "10.1175/JTECH-D-20-0058.1",
      pages= "2209 - 2223"
}

@techreport{RBRdrift,
	author = {{RBR Report}},
	title = {{Argo float WMO5906299: Analysis of fresh salinity anomalies}},
	institution = {RBR},
	year = {2021},
	url ={https://oem.rbr-global.com/floats/files/5898249/46235845/1/1624471832000/0011136revA+Argo+float+WMO5906299_+Analysis+of+fresh+salinity+anomalies.pdf}
}

@techreport{RBRpressure,
	author = {{RBR Report}},
	title = {Conductivity pressure correction for the 2000 dbar conductivity cell},
	institution = {RBR},
	year = {2020},
	url ={https://oem.rbr-global.com/floats/files/5898249/24117268/1/1565716552000/0006610revC+Conductivity+pressure+correction+for+the+2000dbar+conductivity+cell.pdf}
}

@techreport{RBRdynamic,
	author = {{RBR Report}},
	title = {Dynamic corrections for the RBRargo CTD 2000 dbar},
	institution = {RBR},
	year = {2020},
	url = {https://oem.rbr-global.com/floats/files/5898249/34668603/1/1586804683000/0008228revA+Dynamic+corrections+for+the+RBRargo+CTD+2000dbar.pdf}
}

@techreport{YMCreport_2019,
	author = {{Rees, C. and McMahon, M.}},
	title = {RV INVESTIGATOR HYDROCHEMISTRY DATA PROCESSING REPORT},
	institution = {CSIRO},
	year = {2019}
}
